开仓时间,平仓时间,开单策略,方向,数量,开仓价格,平仓价格,盈亏(U),收益率,平仓原因
2026-04-22 20:02:19,2026-04-22 20:05:59,V23高抛-轨外10U(优质区评分90),空,0.003,78285.0,78184.0,0.3,2.58%,极速追踪止盈
2026-04-22 20:13:35,2026-04-22 20:17:49,V23高抛-轨外10U(优质区评分85),空,0.003,78385.0,78326.1,0.18,1.50%,极速追踪止盈
2026-04-22 20:22:04,2026-04-22 20:46:33,V23低吸-轨外10U(优质区评分80),多,0.003,78235.0,78288.4,0.16,1.37%,极速追踪止盈
2026-04-22 20:48:41,2026-04-22 20:51:03,V23低吸-轨外10U(优质区评分90),多,0.003,78140.0,78175.0,0.1,0.90%,极速追踪止盈
2026-04-22 21:02:14,2026-04-22 21:02:46,V23低吸-轨外10U(优质区评分90),多,0.003,78150.0,78191.6,0.12,1.06%,极速追踪止盈
2026-04-22 21:05:23,2026-04-22 21:07:52,V23高抛-轨外10U(优质区评分90),空,0.003,78265.0,78221.4,0.13,1.11%,极速追踪止盈
2026-04-22 21:19:43,2026-04-22 21:20:24,V23高抛-轨外10U(优质区评分90),空,0.003,78420.0,78367.8,0.16,1.33%,极速追踪止盈
2026-04-22 21:31:19,2026-04-22 21:31:43,V23高抛-轨外10U(优质区评分90),空,0.003,78465.0,78599.1,-0.4,-3.42%,ATR反向放大止损(2.5%)
2026-04-22 21:45:52,2026-04-22 21:48:10,V23高抛-轨外10U(优质区评分90),空,0.003,78610.0,78571.0,0.12,0.99%,极速追踪止盈
2026-04-22 21:56:58,2026-04-22 22:05:52,V23高抛-轨外10U(优质区评分90),空,0.003,78745.0,78682.5,0.19,1.59%,极速追踪止盈
2026-04-22 22:06:08,2026-04-22 22:07:02,V23低吸-轨外10U(优质区评分90),多,0.003,78660.0,78754.8,0.28,2.41%,极速追踪止盈
2026-04-22 22:10:48,2026-04-22 22:18:09,V23高抛-轨外10U(优质区评分90),空,0.003,78865.0,78795.0,0.21,1.78%,极速追踪止盈
2026-04-22 22:19:14,2026-04-22 22:19:39,V23低吸-轨外10U(优质区评分90),多,0.003,78745.0,78783.8,0.12,0.99%,极速追踪止盈
2026-04-22 22:20:09,2026-04-22 22:20:49,V23低吸-轨外10U(优质区评分90),多,0.003,78745.0,78824.2,0.24,2.01%,极速追踪止盈
2026-04-22 22:44:54,2026-04-22 22:45:37,V23低吸-轨外10U(优质区评分90),多,0.003,78640.0,78674.8,0.1,0.89%,极速追踪止盈
2026-04-22 22:50:50,2026-04-22 22:51:50,V23高抛-轨外10U(优质区评分85),空,0.003,78920.0,78864.5,0.17,1.41%,极速追踪止盈
2026-04-22 22:52:15,2026-04-22 22:53:05,V23高抛-轨外10U(优质区评分90),空,0.003,78940.0,78907.8,0.1,0.82%,极速追踪止盈
2026-04-22 22:57:57,2026-04-22 23:01:20,V23高抛-轨外10U(优质区评分80),空,0.003,78990.0,78953.5,0.11,0.92%,极速追踪止盈
2026-04-22 23:06:22,2026-04-22 23:07:01,V23低吸-轨外10U(优质区评分90),多,0.003,78820.0,78890.2,0.21,1.78%,极速追踪止盈
2026-04-22 23:11:40,2026-04-22 23:12:28,V23高抛-轨外10U(优质区评分80),空,0.003,79075.0,78965.3,0.33,2.77%,极速追踪止盈
2026-04-22 23:19:07,2026-04-22 23:19:54,V23低吸-轨外10U(优质区评分90),多,0.003,78870.0,78954.8,0.25,2.15%,极速追踪止盈
2026-04-22 23:23:38,2026-04-22 23:24:28,V23高抛-轨外10U(优质区评分90),空,0.003,79020.0,78978.4,0.12,1.05%,极速追踪止盈
2026-04-22 23:26:05,2026-04-22 23:26:44,V23低吸-轨外10U(优质区评分90),多,0.003,78845.0,78878.2,0.1,0.84%,极速追踪止盈
2026-04-22 23:41:51,2026-04-22 23:42:57,V23高抛-轨外10U(优质区评分85),空,0.003,79275.0,79190.5,0.25,2.13%,极速追踪止盈
2026-04-22 23:52:53,2026-04-22 23:53:14,V23高抛-轨外10U(优质区评分90),空,0.003,79305.0,79267.6,0.11,0.94%,极速追踪止盈
2026-04-22 23:54:37,2026-04-22 23:58:02,V23高抛-轨外10U(优质区评分90),空,0.003,79350.0,79267.5,0.25,2.08%,极速追踪止盈
2026-04-23 00:06:14,2026-04-23 00:06:39,V23高抛-轨外10U(优质区评分90),空,0.003,79375.0,79302.4,0.22,1.83%,极速追踪止盈
2026-04-23 00:10:15,2026-04-23 00:19:02,V23低吸-轨外10U(优质区评分90),多,0.003,79220.0,79053.3,-0.5,-4.21%,ATR反向放大止损(2.5%)
2026-04-23 00:19:08,2026-04-23 00:21:13,V23低吸-轨外10U(优质区评分90),多,0.003,79075.0,79134.4,0.18,1.50%,极速追踪止盈
2026-04-23 00:22:44,2026-04-23 00:23:54,V23低吸-轨外10U(优质区评分90),多,0.003,79045.0,78937.4,-0.32,-2.72%,ATR反向放大止损(2.5%)
2026-04-23 00:26:05,2026-04-23 00:28:16,V23低吸-轨外10U(优质区评分90),多,0.003,78900.0,78953.2,0.16,1.35%,极速追踪止盈
2026-04-23 00:30:09,2026-04-23 00:32:19,V23低吸-轨外10U(优质区评分80),多,0.003,78835.0,78884.2,0.15,1.25%,极速追踪止盈
2026-04-23 00:42:34,2026-04-23 00:54:40,V23低吸-轨外10U(优质区评分90),多,0.003,78835.0,78671.0,-0.49,-4.16%,ATR反向放大止损(2.5%)
2026-04-23 01:01:34,2026-04-23 01:03:01,V23高抛-轨外10U(优质区评分90),空,0.003,78825.0,78788.3,0.11,0.93%,极速追踪止盈
2026-04-23 01:09:57,2026-04-23 01:16:41,V23高抛-轨外10U(优质区评分90),空,0.003,78885.0,78843.2,0.13,1.06%,极速追踪止盈
2026-04-23 01:17:11,2026-04-23 01:27:33,V23低吸-轨外10U(优质区评分85),多,0.003,78785.0,78831.3,0.14,1.18%,极速追踪止盈
2026-04-23 01:27:43,2026-04-23 01:29:50,V23高抛-轨外10U(优质区评分90),空,0.003,78845.0,78799.1,0.14,1.16%,极速追踪止盈
2026-04-23 01:36:37,2026-04-23 01:37:42,V23低吸-轨外10U(优质区评分90),多,0.003,78720.0,78780.4,0.18,1.53%,极速追踪止盈
2026-04-23 01:45:48,2026-04-23 01:47:09,V23低吸-轨外10U(优质区评分90),多,0.003,78715.0,78754.5,0.12,1.00%,极速追踪止盈
2026-04-23 01:47:54,2026-04-23 01:48:41,V23高抛-轨外10U(优质区评分90),空,0.003,78860.0,78816.4,0.13,1.11%,极速追踪止盈
2026-04-23 01:52:05,2026-04-23 01:57:57,V23高抛-轨外10U(优质区评分90),空,0.003,78900.0,78864.5,0.11,0.90%,极速追踪止盈
2026-04-23 02:06:00,2026-04-23 02:12:16,V23低吸-轨外10U(优质区评分90),多,0.003,78850.0,78893.2,0.13,1.10%,极速追踪止盈
2026-04-23 02:22:24,2026-04-23 02:23:09,V23低吸-轨外10U(优质区评分90),多,0.003,78860.0,78906.3,0.14,1.17%,极速追踪止盈
2026-04-23 02:24:57,2026-04-23 02:26:16,V23高抛-轨外10U(优质区评分90),空,0.003,78955.0,78912.9,0.13,1.07%,极速追踪止盈
2026-04-23 02:30:16,2026-04-23 02:31:25,V23低吸-轨外10U(优质区评分90),多,0.003,78840.0,78887.6,0.14,1.21%,极速追踪止盈
2026-04-23 02:37:00,2026-04-23 02:48:19,V23高抛-轨外10U(优质区评分90),空,0.003,78925.0,79035.2,-0.33,-2.79%,ATR反向放大止损(2.5%)
2026-04-23 02:49:32,2026-04-23 02:55:49,V23高抛-轨外10U(优质区评分90),空,0.003,79045.0,79001.0,0.13,1.11%,极速追踪止盈
2026-04-23 03:00:07,2026-04-23 03:01:03,V23低吸-轨外10U(优质区评分90),多,0.003,78935.0,78817.3,-0.35,-2.98%,ATR反向放大止损(2.5%)
2026-04-23 03:03:58,2026-04-23 03:05:49,V23低吸-轨外10U(优质区评分80),多,0.003,78750.0,78782.7,0.1,0.83%,极速追踪止盈
2026-04-23 03:14:43,2026-04-23 03:20:15,V23高抛-轨外10U(优质区评分90),空,0.003,78805.0,78914.7,-0.33,-2.78%,ATR反向放大止损(2.5%)
2026-04-23 03:21:22,2026-04-23 03:35:01,V23高抛-轨外10U(优质区评分80),空,0.003,78905.0,78872.8,0.1,0.82%,极速追踪止盈
2026-04-23 03:36:23,2026-04-23 03:37:47,V23低吸-轨外10U(优质区评分85),多,0.003,78765.0,78804.6,0.12,1.01%,极速追踪止盈
2026-04-23 03:56:54,2026-04-23 03:59:40,V23高抛-轨外10U(优质区评分90),空,0.003,78875.0,78819.2,0.17,1.41%,极速追踪止盈
2026-04-23 04:08:46,2026-04-23 04:19:16,V23低吸-轨外10U(优质区评分90),多,0.003,78750.0,78583.7,-0.5,-4.22%,ATR反向放大止损(2.5%)
2026-04-23 04:21:16,2026-04-23 04:28:48,V23低吸-轨外10U(优质区评分90),多,0.003,78520.0,78559.9,0.12,1.02%,极速追踪止盈
2026-04-23 04:32:44,2026-04-23 04:34:00,V23高抛-轨外10U(优质区评分80),空,0.003,78565.0,78522.6,0.13,1.08%,极速追踪止盈
2026-04-23 04:36:46,2026-04-23 04:40:36,V23低吸-轨外10U(优质区评分90),多,0.003,78475.0,78518.1,0.13,1.10%,极速追踪止盈
2026-04-23 04:46:50,2026-04-23 05:02:55,V23低吸-轨外10U(优质区评分85),多,0.003,78445.0,78497.1,0.16,1.33%,极速追踪止盈
2026-04-23 05:04:47,2026-04-23 05:34:50,V23高抛-轨外10U(优质区评分90),空,0.003,78505.0,78636.0,-0.39,-3.34%,ATR反向放大止损(2.5%)
2026-04-23 05:38:44,2026-04-23 05:57:35,V23高抛-轨外10U(优质区评分90),空,0.003,78675.0,78775.4,-0.3,-2.55%,ATR反向放大止损(2.5%)
2026-04-23 06:01:00,2026-04-23 06:01:11,V23高抛-轨外10U(优质区评分90),空,0.003,78770.0,78730.6,0.12,1.00%,极速追踪止盈
2026-04-23 06:03:56,2026-04-23 06:04:15,V23低吸-轨外10U(优质区评分90),多,0.003,78655.0,78693.5,0.12,0.98%,极速追踪止盈
2026-04-23 06:10:01,2026-04-23 06:11:38,V23高抛-轨外10U(优质区评分85),空,0.003,78775.0,78725.3,0.15,1.26%,极速追踪止盈
2026-04-23 06:17:54,2026-04-23 06:19:14,V23低吸-轨外10U(优质区评分90),多,0.003,78685.0,78585.4,-0.3,-2.53%,ATR反向放大止损(2.5%)
2026-04-23 06:20:41,2026-04-23 06:34:45,V23低吸-轨外10U(优质区评分80),多,0.003,78570.0,78455.7,-0.34,-2.91%,ATR反向放大止损(2.5%)
2026-04-23 06:58:30,2026-04-23 07:01:31,V23高抛-轨外10U(优质区评分90),空,0.003,78530.0,78487.2,0.13,1.09%,极速追踪止盈
2026-04-23 07:02:37,2026-04-23 07:09:51,V23低吸-轨外10U(优质区评分90),多,0.003,78450.0,78492.6,0.13,1.09%,极速追踪止盈
2026-04-23 07:20:02,2026-04-23 07:21:38,V23低吸-轨外10U(优质区评分90),多,0.003,78470.0,78350.1,-0.36,-3.06%,ATR反向放大止损(2.5%)
2026-04-23 07:24:17,2026-04-23 07:58:05,V23低吸-轨外10U(优质区评分90),多,0.003,78290.0,78124.9,-0.5,-4.22%,ATR反向放大止损(2.5%)
2026-04-23 07:59:12,2026-04-23 08:00:38,V23低吸-轨外10U(优质区评分90),多,0.003,78145.0,78266.2,0.36,3.10%,极速追踪止盈
2026-04-23 08:00:50,2026-04-23 08:08:50,V23高抛-轨外10U(优质区评分90),空,0.003,78260.0,78190.5,0.21,1.78%,极速追踪止盈
2026-04-23 08:09:52,2026-04-23 08:12:15,V23低吸-轨外10U(优质区评分85),多,0.003,78130.0,77963.4,-0.5,-4.26%,ATR反向放大止损(2.5%)
2026-04-23 08:13:18,2026-04-23 08:13:32,V23低吸-轨外10U(优质区评分80),多,0.003,77885.0,77917.1,0.1,0.82%,极速追踪止盈
2026-04-23 08:13:39,2026-04-23 08:16:03,V23低吸-轨外10U(优质区评分80),多,0.003,77885.0,77689.0,-0.59,-5.03%,绝对硬止损(ROI<=-5%)
2026-04-23 08:46:35,2026-04-23 08:52:10,V23低吸-轨外10U(优质区评分90),多,0.003,78330.0,78396.4,0.2,1.70%,极速追踪止盈
2026-04-23 09:03:34,2026-04-23 09:06:50,V23低吸-轨外10U(优质区评分90),多,0.003,78295.0,78338.2,0.13,1.10%,极速追踪止盈
2026-04-23 09:07:21,2026-04-23 09:07:32,V23高抛-轨外10U(优质区评分90),空,0.003,78400.0,78354.5,0.14,1.16%,极速追踪止盈
2026-04-23 09:11:18,2026-04-23 09:20:01,V23低吸-轨外10U(优质区评分90),多,0.003,78245.0,78102.5,-0.43,-3.64%,ATR反向放大止损(2.5%)
2026-04-23 09:22:11,2026-04-23 09:26:42,V23低吸-轨外10U(优质区评分80),多,0.003,78100.0,78133.3,0.1,0.85%,极速追踪止盈
2026-04-23 09:27:21,2026-04-23 09:29:03,V23高抛-轨外10U(优质区评分90),空,0.003,78175.0,78137.2,0.11,0.97%,极速追踪止盈
2026-04-23 09:40:07,2026-04-23 09:41:14,V23高抛-轨外10U(优质区评分90),空,0.003,78205.0,78328.3,-0.37,-3.15%,ATR反向放大止损(2.5%)
2026-04-23 09:42:21,2026-04-23 09:43:21,V23高抛-轨外10U(优质区评分90),空,0.003,78340.0,78303.4,0.11,0.93%,极速追踪止盈
2026-04-23 09:52:50,2026-04-23 09:54:39,V23高抛-轨外10U(优质区评分90),空,0.003,78360.0,78319.5,0.12,1.03%,极速追踪止盈
2026-04-23 10:02:00,2026-04-23 10:14:38,V23低吸-轨外10U(优质区评分90),多,0.003,78250.0,78142.6,-0.32,-2.75%,ATR反向放大止损(2.5%)
2026-04-23 10:15:02,2026-04-23 10:17:35,V23低吸-轨外10U(优质区评分85),多,0.003,78115.0,78160.6,0.14,1.17%,极速追踪止盈
2026-04-23 10:25:07,2026-04-23 10:26:04,V23低吸-轨外10U(优质区评分90),多,0.003,78020.0,78058.6,0.12,0.99%,极速追踪止盈
2026-04-23 10:30:56,2026-04-23 10:32:00,V23低吸-轨外10U(优质区评分90),多,0.003,77935.0,77969.1,0.1,0.88%,极速追踪止盈
2026-04-23 10:40:44,2026-04-23 10:44:14,V23低吸-轨外10U(优质区评分80),多,0.003,77790.0,77833.0,0.13,1.11%,极速追踪止盈
2026-04-23 10:52:09,2026-04-23 10:55:16,V23高抛-轨外10U(优质区评分85),空,0.003,77950.0,77900.0,0.15,1.28%,极速追踪止盈
2026-04-23 11:01:42,2026-04-23 11:01:53,V23低吸-轨外10U(优质区评分90),多,0.003,77855.0,77897.6,0.13,1.09%,极速追踪止盈
2026-04-23 11:02:55,2026-04-23 11:03:07,V23高抛-轨外10U(优质区评分90),空,0.003,77990.0,77948.5,0.12,1.06%,极速追踪止盈
2026-04-23 11:07:34,2026-04-23 11:15:35,V23低吸-轨外10U(优质区评分90),多,0.003,77815.0,77651.0,-0.49,-4.22%,ATR反向放大止损(2.5%)
2026-04-23 11:15:59,2026-04-23 11:39:05,V23低吸-轨外10U(优质区评分70),多,0.003,77675.0,77514.0,-0.48,-4.15%,ATR反向放大止损(2.5%)
2026-04-23 11:39:16,2026-04-23 11:39:51,V23低吸-轨外10U(优质区评分90),多,0.003,77545.0,77585.0,0.12,1.03%,极速追踪止盈
2026-04-23 11:40:37,2026-04-23 11:41:19,V23低吸-轨外10U(优质区评分75),多,0.003,77470.0,77507.5,0.11,0.97%,极速追踪止盈
2026-04-23 11:46:14,2026-04-23 11:48:18,V23高抛-轨外10U(优质区评分90),空,0.003,77640.0,77593.1,0.14,1.21%,极速追踪止盈
2026-04-23 11:54:16,2026-04-23 11:55:57,V23高抛-轨外10U(优质区评分90),空,0.003,77665.0,77621.9,0.13,1.11%,极速追踪止盈
2026-04-23 11:58:02,2026-04-23 12:01:27,V23高抛-轨外10U(优质区评分90),空,0.003,77700.0,77665.1,0.1,0.90%,极速追踪止盈
2026-04-23 12:08:36,2026-04-23 12:19:12,V23高抛-轨外10U(优质区评分90),空,0.003,77730.0,77880.2,-0.45,-3.86%,ATR反向放大止损(2.5%)
2026-04-23 12:24:59,2026-04-23 12:30:20,V23低吸-轨外10U(优质区评分85),多,0.003,77745.0,77789.3,0.13,1.14%,极速追踪止盈
2026-04-23 12:33:35,2026-04-23 12:37:58,V23高抛-轨外10U(优质区评分90),空,0.003,77870.0,77827.9,0.13,1.08%,极速追踪止盈
2026-04-23 12:47:15,2026-04-23 12:53:31,V23低吸-轨外10U(优质区评分90),多,0.003,77810.0,77849.9,0.12,1.03%,极速追踪止盈
2026-04-23 12:59:07,2026-04-23 13:00:34,V23高抛-轨外10U(优质区评分90),空,0.003,77890.0,77852.0,0.11,0.98%,极速追踪止盈
2026-04-23 13:01:49,2026-04-23 13:17:57,V23高抛-轨外10U(优质区评分90),空,0.003,77915.0,77870.5,0.13,1.14%,极速追踪止盈
2026-04-23 13:19:57,2026-04-23 13:20:07,V23低吸-轨外10U(优质区评分90),多,0.003,77870.0,77962.4,0.28,2.37%,极速追踪止盈
2026-04-23 13:25:26,2026-04-23 13:32:45,V23低吸-轨外10U(优质区评分90),多,0.003,77865.0,77763.9,-0.3,-2.60%,ATR反向放大止损(2.5%)
2026-04-23 13:33:07,2026-04-23 13:34:58,V23低吸-轨外10U(优质区评分85),多,0.003,77760.0,77799.9,0.12,1.03%,极速追踪止盈
2026-04-23 13:45:16,2026-04-23 13:49:45,V23高抛-轨外10U(优质区评分90),空,0.003,77850.0,77948.1,-0.29,-2.52%,ATR反向放大止损(2.5%)
2026-04-23 13:50:25,2026-04-23 13:52:47,V23高抛-轨外10U(试探区评分60),空,0.003,77960.0,78076.5,-0.35,-2.99%,ATR反向放大止损(2.5%)
2026-04-23 13:53:24,2026-04-23 13:55:02,V23高抛-轨外10U(优质区评分70),空,0.003,78020.0,77953.2,0.2,1.71%,极速追踪止盈
2026-04-23 14:04:53,2026-04-23 14:05:58,V23高抛-轨外10U(优质区评分90),空,0.003,78075.0,78177.2,-0.31,-2.62%,ATR反向放大止损(2.5%)
2026-04-23 14:06:31,2026-04-23 14:08:03,V23高抛-轨外10U(优质区评分80),空,0.003,78185.0,78153.5,0.09,0.81%,极速追踪止盈
2026-04-23 14:09:20,2026-04-23 14:09:58,V23高抛-轨外10U(优质区评分80),空,0.003,78230.0,78184.3,0.14,1.17%,极速追踪止盈
2026-04-23 14:35:03,2026-04-23 14:44:06,V23低吸-轨外10U(优质区评分80),多,0.003,78225.0,78108.0,-0.35,-2.99%,ATR反向放大止损(2.5%)
2026-04-23 14:45:23,2026-04-23 14:52:21,V23低吸-轨外10U(试探区评分60),多,0.003,78125.0,78176.9,0.16,1.33%,极速追踪止盈
2026-04-23 15:00:33,2026-04-23 15:01:12,V23高抛-轨外10U(优质区评分90),空,0.003,78205.0,78155.2,0.15,1.27%,极速追踪止盈
2026-04-23 15:15:56,2026-04-23 15:16:49,V23低吸-轨外10U(优质区评分90),多,0.003,78075.0,78118.6,0.13,1.12%,极速追踪止盈
2026-04-23 15:23:25,2026-04-23 15:23:42,V23高抛-轨外10U(优质区评分90),空,0.003,78145.0,78111.1,0.1,0.87%,极速追踪止盈
2026-04-23 15:24:45,2026-04-23 15:25:59,V23高抛-轨外10U(优质区评分90),空,0.003,78125.0,78087.3,0.11,0.97%,极速追踪止盈
2026-04-23 15:36:49,2026-04-23 15:48:18,V23低吸-轨外10U(优质区评分90),多,0.003,78070.0,77970.3,-0.3,-2.55%,ATR反向放大止损(2.5%)
2026-04-23 15:52:52,2026-04-23 16:00:02,V23低吸-轨外10U(优质区评分90),多,0.003,77965.0,78001.1,0.11,0.93%,极速追踪止盈
2026-04-23 16:08:33,2026-04-23 16:08:55,V23低吸-轨外10U(优质区评分90),多,0.003,77930.0,77997.8,0.2,1.74%,极速追踪止盈
2026-04-23 16:09:56,2026-04-23 16:13:12,V23高抛-轨外10U(优质区评分90),空,0.003,78015.0,78134.3,-0.36,-3.06%,ATR反向放大止损(2.5%)
2026-04-23 16:23:12,2026-04-23 16:31:44,V23低吸-轨外10U(优质区评分90),多,0.003,77990.0,77879.8,-0.33,-2.83%,ATR反向放大止损(2.5%)
2026-04-23 16:33:04,2026-04-23 16:37:32,V23低吸-轨外10U(优质区评分70),多,0.003,77865.0,77761.7,-0.31,-2.65%,ATR反向放大止损(2.5%)
2026-04-23 16:40:03,2026-04-23 16:50:46,V23低吸-轨外10U(优质区评分80),多,0.003,77775.0,77809.9,0.1,0.90%,极速追踪止盈
2026-04-23 16:51:19,2026-04-23 17:02:07,V23高抛-轨外10U(优质区评分90),空,0.003,77820.0,77786.3,0.1,0.87%,极速追踪止盈
2026-04-23 17:02:15,2026-04-23 17:04:05,V23低吸-轨外10U(优质区评分90),多,0.003,77785.0,77672.6,-0.34,-2.89%,ATR反向放大止损(2.5%)
2026-04-23 17:07:06,2026-04-23 17:09:39,V23低吸-轨外10U(优质区评分90),多,0.003,77580.0,77420.0,-0.48,-4.12%,ATR反向放大止损(2.5%)
2026-04-23 17:10:09,2026-04-23 17:14:49,V23低吸-轨外10U(优质区评分70),多,0.003,77510.0,77542.8,0.1,0.85%,极速追踪止盈
2026-04-23 17:18:25,2026-04-23 17:23:30,V23高抛-轨外10U(优质区评分90),空,0.003,77595.0,77491.9,0.31,2.66%,极速追踪止盈
2026-04-23 17:24:09,2026-04-23 17:26:13,V23低吸-轨外10U(优质区评分90),多,0.003,77510.0,77550.0,0.12,1.03%,极速追踪止盈
2026-04-23 17:31:40,2026-04-23 17:47:24,V23高抛-轨外10U(优质区评分80),空,0.003,77640.0,77558.6,0.24,2.10%,极速追踪止盈
2026-04-23 18:01:29,2026-04-23 18:05:04,V23高抛-轨外10U(优质区评分90),空,0.003,77625.0,77580.1,0.13,1.16%,极速追踪止盈
2026-04-23 18:05:09,2026-04-23 18:05:12,V23低吸-轨外10U(优质区评分90),多,0.003,77570.0,77264.5,-0.92,-7.88%,绝对硬止损(ROI<=-5%)
2026-04-23 18:20:29,2026-04-23 18:23:18,V23高抛-轨外10U(优质区评分80),空,0.003,77305.0,77253.7,0.15,1.33%,极速追踪止盈
2026-04-23 18:30:21,2026-04-23 18:33:04,V23高抛-轨外10U(优质区评分90),空,0.003,77355.0,77319.8,0.11,0.91%,极速追踪止盈
2026-04-23 18:38:23,2026-04-23 18:39:24,V23高抛-轨外10U(优质区评分85),空,0.003,77405.0,77365.0,0.12,1.03%,极速追踪止盈
2026-04-23 18:50:16,2026-04-23 18:51:56,V23低吸-轨外10U(优质区评分90),多,0.003,77310.0,77342.4,0.1,0.84%,极速追踪止盈
2026-04-23 18:53:34,2026-04-23 18:56:22,V23低吸-轨外10U(优质区评分90),多,0.003,77285.0,77339.2,0.16,1.40%,极速追踪止盈
2026-04-23 18:58:02,2026-04-23 19:14:17,V23高抛-轨外10U(优质区评分90),空,0.003,77370.0,77334.8,0.11,0.91%,极速追踪止盈
2026-04-23 19:14:30,2026-04-23 19:16:20,V23低吸-轨外10U(优质区评分80),多,0.003,77360.0,77401.8,0.13,1.08%,极速追踪止盈
2026-04-23 19:25:39,2026-04-23 19:29:50,V23高抛-轨外10U(优质区评分90),空,0.003,77455.0,77405.1,0.15,1.29%,极速追踪止盈
2026-04-23 19:34:17,2026-04-23 19:36:13,V23低吸-轨外10U(优质区评分90),多,0.003,77380.0,77459.0,0.24,2.04%,极速追踪止盈
2026-04-23 19:36:52,2026-04-23 19:45:34,V23高抛-轨外10U(优质区评分90),空,0.003,77465.0,77589.2,-0.37,-3.21%,ATR反向放大止损(2.5%)
2026-04-23 19:45:43,2026-04-23 19:55:02,V23高抛-轨外10U(优质区评分90),空,0.003,77560.0,77703.7,-0.43,-3.71%,ATR反向放大止损(2.5%)
