开仓时间,平仓时间,开单策略,方向,数量,开仓价格,平仓价格,盈亏(U),收益率,平仓原因
2026-04-17 01:28:03,2026-04-17 01:29:43,V23流动性高抛,空,0.04,74200.0,74202.5,-0.1,-0.07%,微利追踪止盈
2026-04-17 01:29:55,2026-04-17 01:31:12,V23流动性高抛,空,0.04,74195.0,74203.5,-0.34,-0.23%,绝对回撤保护
2026-04-17 01:39:35,2026-04-17 01:39:37,V23流动性低吸,多,0.04,74100.0,74091.6,-0.34,-0.23%,微利追踪止盈
2026-04-17 01:48:56,2026-04-17 01:52:08,V23流动性高抛,空,0.04,74355.0,74358.0,-0.12,-0.08%,微利追踪止盈
2026-04-17 01:58:04,2026-04-17 02:03:51,V23流动性低吸,多,0.04,74215.0,74320.3,4.21,2.84%,极速追踪止盈
2026-04-17 02:04:07,2026-04-17 02:04:11,V23流动性高抛,空,0.04,74315.0,74320.2,-0.21,-0.14%,微利追踪止盈
2026-04-17 02:04:54,2026-04-17 02:08:08,V23流动性高抛,空,0.04,74320.0,74333.4,-0.54,-0.36%,绝对回撤保护
2026-04-17 02:18:40,2026-04-17 02:18:49,V23流动性高抛,空,0.04,74385.0,74387.0,-0.08,-0.05%,微利追踪止盈
2026-04-17 02:19:32,2026-04-17 02:19:54,V23流动性高抛,空,0.04,74380.0,74380.3,-0.01,-0.01%,微利追踪止盈
2026-04-17 02:20:24,2026-04-17 02:20:30,V23流动性高抛,空,0.04,74380.0,74387.0,-0.28,-0.19%,微利追踪止盈
2026-04-17 02:20:47,2026-04-17 02:22:16,V23流动性高抛,空,0.04,74385.0,74387.0,-0.08,-0.05%,微利追踪止盈
2026-04-17 02:26:02,2026-04-17 02:26:55,V23流动性低吸,多,0.04,74285.0,74285.7,0.03,0.02%,微利追踪止盈
2026-04-17 02:38:13,2026-04-17 02:38:26,V23流动性高抛,空,0.04,74450.0,74451.9,-0.08,-0.05%,微利追踪止盈
2026-04-17 02:38:31,2026-04-17 02:38:32,V23流动性高抛,空,0.04,74440.0,74443.2,-0.13,-0.09%,微利追踪止盈
2026-04-17 02:38:38,2026-04-17 02:38:50,V23流动性高抛,空,0.04,74440.0,74451.8,-0.47,-0.32%,极速追踪止盈
2026-04-17 02:39:03,2026-04-17 02:39:30,V23流动性高抛,空,0.04,74450.0,74450.9,-0.04,-0.02%,微利追踪止盈
2026-04-17 02:39:36,2026-04-17 02:41:07,V23流动性高抛,空,0.04,74450.0,74529.7,-3.19,-2.14%,硬止损(0.08%)
2026-04-17 03:11:09,2026-04-17 03:13:06,V23流动性低吸,多,0.04,74835.0,74771.8,-2.53,-1.69%,硬止损(0.08%)
2026-04-17 03:20:32,2026-04-17 03:21:27,V23流动性高抛,空,0.04,74880.0,74883.8,-0.15,-0.10%,微利追踪止盈
2026-04-17 03:21:41,2026-04-17 03:22:17,V23流动性高抛,空,0.04,74880.0,74891.8,-0.47,-0.32%,绝对回撤保护
2026-04-17 03:22:40,2026-04-17 03:23:35,V23流动性高抛,空,0.04,74890.0,74895.9,-0.24,-0.16%,微利追踪止盈
2026-04-17 03:31:23,2026-04-17 03:31:34,V23流动性高抛,空,0.04,74955.0,74965.7,-0.43,-0.29%,微利追踪止盈
2026-04-17 03:34:52,2026-04-17 03:34:53,V23流动性高抛,空,0.04,75000.0,74974.7,1.01,0.67%,极速追踪止盈
2026-04-17 03:53:04,2026-04-17 03:53:07,V23流动性高抛,空,0.039,75240.0,75242.1,-0.08,-0.06%,微利追踪止盈
2026-04-17 03:55:14,2026-04-17 03:55:39,V23流动性高抛,空,0.039,75260.0,75266.5,-0.25,-0.17%,微利追踪止盈
2026-04-17 03:55:55,2026-04-17 03:56:00,V23流动性高抛,空,0.039,75265.0,75266.5,-0.06,-0.04%,极速追踪止盈
2026-04-17 04:00:54,2026-04-17 04:02:22,V23流动性高抛,空,0.039,75355.0,75370.1,-0.59,-0.40%,绝对回撤保护
2026-04-17 04:09:04,2026-04-17 04:09:24,V23流动性低吸,多,0.039,75250.0,75234.3,-0.61,-0.42%,绝对回撤保护
2026-04-17 04:09:31,2026-04-17 04:11:23,V23流动性低吸,多,0.039,75250.0,75260.5,0.41,0.28%,微利追踪止盈
2026-04-17 04:13:42,2026-04-17 04:13:43,V23流动性高抛,空,0.039,75350.0,75350.0,0.0,0.00%,微利追踪止盈
2026-04-17 04:16:15,2026-04-17 04:16:23,V23流动性高抛,空,0.039,75350.0,75345.9,0.16,0.11%,极速追踪止盈
2026-04-17 04:24:36,2026-04-17 04:25:01,V23流动性低吸,多,0.039,75210.0,75173.4,-1.43,-0.97%,V23趋势逃命
2026-04-17 04:30:51,2026-04-17 04:34:42,V23流动性低吸,多,0.039,75125.0,75069.9,-2.15,-1.47%,绝对回撤保护
2026-04-17 04:37:21,2026-04-17 04:37:23,V23流动性低吸,多,0.039,75005.0,75002.7,-0.09,-0.06%,微利追踪止盈
2026-04-17 04:40:32,2026-04-17 04:41:19,V23流动性低吸,多,0.04,75000.0,75017.4,0.7,0.46%,微利追踪止盈
2026-04-17 04:49:03,2026-04-17 04:52:01,V23流动性高抛,空,0.039,75115.0,75128.0,-0.51,-0.35%,绝对回撤保护
2026-04-17 04:52:10,2026-04-17 04:52:28,V23流动性高抛,空,0.039,75120.0,75129.2,-0.36,-0.24%,绝对回撤保护
2026-04-17 04:52:51,2026-04-17 04:53:15,V23流动性高抛,空,0.039,75125.0,75129.1,-0.16,-0.11%,微利追踪止盈
2026-04-17 04:53:17,2026-04-17 04:53:19,V23流动性高抛,空,0.039,75125.0,75129.1,-0.16,-0.11%,微利追踪止盈
2026-04-17 04:53:55,2026-04-17 04:53:55,V23流动性高抛,空,0.039,75125.0,75129.2,-0.16,-0.11%,微利追踪止盈
2026-04-17 04:54:15,2026-04-17 04:54:49,V23流动性高抛,空,0.039,75125.0,75129.1,-0.16,-0.11%,微利追踪止盈
2026-04-17 04:55:46,2026-04-17 04:55:49,V23流动性高抛,空,0.039,75120.0,75129.2,-0.36,-0.24%,微利追踪止盈
2026-04-17 04:56:26,2026-04-17 04:57:05,V23流动性高抛,空,0.039,75120.0,75138.4,-0.72,-0.49%,绝对回撤保护
2026-04-17 04:59:09,2026-04-17 04:59:10,V23流动性高抛,空,0.039,75200.0,75201.9,-0.07,-0.05%,微利追踪止盈
2026-04-17 04:59:21,2026-04-17 04:59:31,V23流动性高抛,空,0.039,75195.0,75195.7,-0.03,-0.02%,微利追踪止盈
2026-04-17 05:00:07,2026-04-17 05:00:07,V23流动性高抛,空,0.039,75195.0,75200.0,-0.2,-0.13%,微利追踪止盈
2026-04-17 05:00:25,2026-04-17 05:01:32,V23流动性高抛,空,0.039,75200.0,75194.7,0.21,0.14%,微利追踪止盈
2026-04-17 05:07:36,2026-04-17 05:07:41,V23流动性低吸,多,0.039,75130.0,75116.2,-0.54,-0.37%,绝对回撤保护
2026-04-17 05:07:47,2026-04-17 05:08:13,V23流动性低吸,多,0.039,75130.0,75133.2,0.12,0.09%,微利追踪止盈
2026-04-17 05:10:36,2026-04-17 05:12:44,V23流动性高抛,空,0.039,75220.0,75210.5,0.37,0.25%,微利追踪止盈
2026-04-17 05:14:59,2026-04-17 05:15:02,V23流动性低吸,多,0.039,75115.0,75110.9,-0.16,-0.11%,V23趋势逃命
2026-04-17 05:16:08,2026-04-17 05:17:36,V23流动性低吸,多,0.039,75110.0,75082.6,-1.07,-0.73%,绝对回撤保护
2026-04-17 06:09:03,2026-04-17 06:09:04,V23流动性高抛,空,0.039,75070.0,75070.0,0.0,0.00%,微利追踪止盈
2026-04-17 06:21:57,2026-04-17 06:22:34,V23流动性低吸,多,0.04,74860.0,74861.8,0.07,0.05%,微利追踪止盈
2026-04-17 06:33:51,2026-04-17 06:33:58,V23流动性低吸,多,0.04,74870.0,74881.4,0.46,0.30%,微利追踪止盈
2026-04-17 06:38:38,2026-04-17 06:38:39,V23流动性低吸,多,0.04,74875.0,74871.9,-0.12,-0.08%,微利追踪止盈
2026-04-17 06:38:49,2026-04-17 06:39:57,V23流动性低吸,多,0.04,74870.0,74868.3,-0.07,-0.05%,微利追踪止盈
2026-04-17 07:07:05,2026-04-17 07:09:09,V23流动性高抛,空,0.04,74950.0,74939.9,0.4,0.27%,微利追踪止盈
2026-04-17 07:11:29,2026-04-17 07:16:15,V23流动性高抛,空,0.04,74950.0,74950.9,-0.04,-0.02%,微利追踪止盈
2026-04-17 07:22:02,2026-04-17 07:25:49,V23流动性高抛,空,0.04,74965.0,75034.38146739,-2.78,-1.85%,硬止损(0.08%)
2026-04-17 07:26:07,2026-04-17 07:26:34,V23流动性高抛,空,0.04,74970.0,75019.5,-1.98,-1.32%,绝对回撤保护
2026-04-17 07:27:07,2026-04-17 07:27:22,V23流动性高抛,空,0.04,74970.0,75000.91626812,-1.24,-0.82%,绝对回撤保护
2026-04-17 07:27:40,2026-04-17 07:31:01,V23流动性高抛,空,0.04,74970.0,74978.0,-0.32,-0.21%,V23趋势逃命
2026-04-17 07:41:11,2026-04-17 07:46:31,V23流动性高抛,空,0.039,75080.0,75085.2,-0.2,-0.14%,微利追踪止盈
2026-04-17 07:46:59,2026-04-17 07:47:02,V23流动性高抛,空,0.039,75085.0,75058.8,1.02,0.70%,微利追踪止盈
2026-04-17 08:06:03,2026-04-17 08:13:01,V23流动性低吸,多,0.039,75030.0,74969.0,-2.38,-1.63%,硬止损(0.08%)
2026-04-17 08:18:22,2026-04-17 08:18:25,V23流动性低吸,多,0.04,74945.0,74946.4,0.06,0.04%,微利追踪止盈
2026-04-17 08:32:19,2026-04-17 08:32:23,V23流动性高抛,空,0.039,75055.0,75044.8,0.4,0.27%,微利追踪止盈
2026-04-17 08:35:06,2026-04-17 08:35:10,V23流动性高抛,空,0.039,75050.0,75052.4,-0.09,-0.06%,微利追踪止盈
2026-04-17 08:49:48,2026-04-17 08:49:50,V23流动性低吸,多,0.04,74900.0,74900.0,0.0,0.00%,微利追踪止盈
2026-04-17 08:49:58,2026-04-17 08:50:17,V23流动性低吸,多,0.04,74910.0,74919.2,0.37,0.25%,微利追踪止盈
2026-04-17 08:51:16,2026-04-17 08:52:32,V23流动性低吸,多,0.04,74905.0,74897.6,-0.3,-0.20%,微利追踪止盈
2026-04-17 09:09:02,2026-04-17 09:09:26,V23流动性高抛,空,0.04,74990.0,74991.3,-0.05,-0.03%,微利追踪止盈
2026-04-17 09:10:18,2026-04-17 09:10:22,V23流动性高抛,空,0.04,74990.0,74980.2,0.39,0.26%,微利追踪止盈
2026-04-17 09:16:07,2026-04-17 09:19:01,V23流动性低吸,多,0.04,74915.0,74884.6,-1.22,-0.81%,V23趋势逃命
2026-04-17 09:27:12,2026-04-17 09:27:25,V23流动性低吸,多,0.04,74755.0,74715.40751812,-1.58,-1.06%,绝对回撤保护
2026-04-17 09:27:31,2026-04-17 09:28:27,V23流动性低吸,多,0.04,74755.0,74747.0,-0.32,-0.21%,微利追踪止盈
2026-04-17 09:30:03,2026-04-17 09:31:56,V23流动性低吸,多,0.04,74705.0,74693.4,-0.46,-0.31%,绝对回撤保护
2026-04-17 09:32:04,2026-04-17 09:32:19,V23流动性低吸,多,0.04,74695.0,74685.0,-0.4,-0.27%,绝对回撤保护
2026-04-17 09:32:24,2026-04-17 09:32:28,V23流动性低吸,多,0.04,74695.0,74682.9,-0.48,-0.32%,绝对回撤保护
2026-04-17 09:32:36,2026-04-17 09:32:58,V23流动性低吸,多,0.04,74700.0,74674.4,-1.02,-0.69%,微利追踪止盈
2026-04-17 09:33:40,2026-04-17 09:33:46,V23流动性低吸,多,0.04,74680.0,74679.1,-0.04,-0.02%,微利追踪止盈
2026-04-17 09:39:06,2026-04-17 09:41:20,V23流动性高抛,空,0.04,74740.0,74726.5,0.54,0.36%,微利追踪止盈
2026-04-17 09:51:27,2026-04-17 09:52:55,V23流动性低吸,多,0.04,74585.0,74554.9,-1.2,-0.81%,绝对回撤保护
2026-04-17 09:53:30,2026-04-17 09:53:37,V23流动性低吸,多,0.04,74575.0,74569.3,-0.23,-0.15%,微利追踪止盈
2026-04-17 09:54:10,2026-04-17 09:54:34,V23流动性低吸,多,0.04,74575.0,74573.5,-0.06,-0.04%,微利追踪止盈
2026-04-17 09:58:55,2026-04-17 09:59:23,V23流动性高抛,空,0.04,74745.0,74748.9,-0.16,-0.10%,微利追踪止盈
2026-04-17 09:59:25,2026-04-17 09:59:37,V23流动性高抛,空,0.04,74750.0,74752.0,-0.08,-0.05%,微利追踪止盈
2026-04-17 10:11:01,2026-04-17 10:11:16,V23流动性低吸,多,0.04,74630.0,74619.4,-0.42,-0.28%,绝对回撤保护
2026-04-17 10:14:38,2026-04-17 10:14:41,V23流动性低吸,多,0.04,74630.0,74649.9,0.8,0.53%,微利追踪止盈
2026-04-17 10:18:01,2026-04-17 10:27:00,V23流动性低吸,多,0.04,74620.0,74623.5,0.14,0.09%,V23趋势逃命
2026-04-17 10:41:48,2026-04-17 10:44:13,V23流动性高抛,空,0.04,74695.0,74693.3,0.07,0.05%,微利追踪止盈
2026-04-17 11:06:01,2026-04-17 11:07:04,V23流动性低吸,多,0.04,74585.0,74586.5,0.06,0.04%,微利追踪止盈
2026-04-17 11:09:53,2026-04-17 11:09:55,V23流动性低吸,多,0.04,74585.0,74582.6,-0.1,-0.06%,微利追踪止盈
2026-04-17 11:10:02,2026-04-17 11:10:19,V23流动性低吸,多,0.04,74585.0,74582.6,-0.1,-0.06%,微利追踪止盈
2026-04-17 11:10:33,2026-04-17 11:13:29,V23流动性低吸,多,0.04,74585.0,74625.6,1.62,1.09%,微利追踪止盈
2026-04-17 11:15:06,2026-04-17 11:32:35,V23流动性高抛,空,0.04,74655.0,74726.5,-2.86,-1.92%,硬止损(0.08%)
2026-04-17 11:34:02,2026-04-17 11:41:55,V23流动性高抛,空,0.04,74750.0,74715.0,1.4,0.94%,绝对回撤保护
2026-04-17 11:44:43,2026-04-17 11:52:52,V23流动性高抛,空,0.04,74750.0,74742.0,0.32,0.21%,极速追踪止盈
2026-04-17 11:56:14,2026-04-17 11:56:15,V23流动性低吸,多,0.04,74650.0,74642.8,-0.29,-0.19%,微利追踪止盈
2026-04-17 11:56:21,2026-04-17 11:56:22,V23流动性低吸,多,0.04,74645.0,74642.7,-0.09,-0.06%,微利追踪止盈
2026-04-17 11:56:33,2026-04-17 11:56:34,V23流动性低吸,多,0.04,74645.0,74642.8,-0.09,-0.06%,微利追踪止盈
2026-04-17 11:56:50,2026-04-17 11:57:37,V23流动性低吸,多,0.04,74645.0,74642.8,-0.09,-0.06%,微利追踪止盈
2026-04-17 11:58:21,2026-04-17 11:58:22,V23流动性低吸,多,0.04,74650.0,74642.8,-0.29,-0.19%,微利追踪止盈
2026-04-17 12:41:41,2026-04-17 12:41:50,V23流动性高抛,空,0.04,74785.0,74792.1,-0.28,-0.19%,微利追踪止盈
2026-04-17 12:42:01,2026-04-17 12:42:05,V23流动性高抛,空,0.04,74790.0,74791.6,-0.06,-0.04%,微利追踪止盈
2026-04-17 13:06:01,2026-04-17 13:16:00,V23流动性低吸,多,0.04,74635.0,74580.1,-2.2,-1.47%,V23趋势逃命
2026-04-17 13:27:02,2026-04-17 13:27:05,V23流动性高抛,空,0.04,74680.0,74677.6,0.1,0.06%,微利追踪止盈
2026-04-17 13:27:12,2026-04-17 13:27:31,V23流动性高抛,空,0.04,74680.0,74658.5,0.86,0.58%,微利追踪止盈
2026-04-17 14:02:02,2026-04-17 14:05:00,V23流动性低吸,多,0.04,74580.0,74584.1,0.16,0.11%,微利追踪止盈
2026-04-17 14:05:45,2026-04-17 14:06:00,V23流动性高抛,空,0.04,74655.0,74666.1,-0.44,-0.30%,V23趋势逃命
2026-04-17 14:14:12,2026-04-17 14:14:34,V23流动性高抛,空,0.04,74665.0,74673.3,-0.33,-0.22%,微利追踪止盈
2026-04-17 14:18:09,2026-04-17 14:18:42,V23流动性高抛,空,0.04,74765.0,74764.9,0.0,0.00%,微利追踪止盈
2026-04-17 14:18:49,2026-04-17 14:20:00,V23流动性高抛,空,0.04,74755.0,74765.6,-0.42,-0.28%,绝对回撤保护
2026-04-17 14:20:24,2026-04-17 14:20:42,V23流动性高抛,空,0.04,74760.0,74759.8,0.01,0.01%,微利追踪止盈
2026-04-17 14:21:13,2026-04-17 14:21:17,V23流动性高抛,空,0.04,74755.0,74755.5,-0.02,-0.01%,微利追踪止盈
2026-04-17 14:22:33,2026-04-17 14:22:37,V23流动性高抛,空,0.04,74760.0,74757.8,0.09,0.06%,微利追踪止盈
2026-04-17 14:56:29,2026-04-17 15:02:04,V23流动性高抛,空,0.04,74860.0,74889.6,-1.18,-0.79%,V23趋势逃命
2026-04-17 15:05:44,2026-04-17 15:05:48,V23流动性高抛,空,0.04,74960.0,74958.9,0.04,0.03%,微利追踪止盈
2026-04-17 15:06:13,2026-04-17 15:06:27,V23流动性高抛,空,0.04,74955.0,74958.7,-0.15,-0.10%,微利追踪止盈
2026-04-17 15:06:33,2026-04-17 15:06:43,V23流动性高抛,空,0.04,74960.0,74944.4,0.62,0.42%,微利追踪止盈
2026-04-17 15:15:01,2026-04-17 15:15:03,V23流动性高抛,空,0.039,75030.0,75029.8,0.01,0.01%,微利追踪止盈
2026-04-17 15:19:02,2026-04-17 15:19:28,V23流动性低吸,多,0.04,74935.0,74929.5,-0.22,-0.15%,微利追踪止盈
2026-04-17 15:20:16,2026-04-17 15:20:19,V23流动性低吸,多,0.04,74930.0,74929.4,-0.02,-0.02%,微利追踪止盈
2026-04-17 15:21:07,2026-04-17 15:25:31,V23流动性低吸,多,0.04,74930.0,74915.1,-0.6,-0.40%,绝对回撤保护
2026-04-17 15:25:37,2026-04-17 15:25:48,V23流动性低吸,多,0.04,74920.0,74915.0,-0.2,-0.13%,微利追踪止盈
2026-04-17 15:26:46,2026-04-17 15:26:48,V23流动性低吸,多,0.04,74915.0,74917.2,0.09,0.06%,微利追踪止盈
2026-04-17 15:26:58,2026-04-17 15:31:03,V23流动性低吸,多,0.04,74920.0,74923.9,0.16,0.10%,微利追踪止盈
2026-04-17 16:08:18,2026-04-17 16:12:25,V23流动性高抛,空,0.039,75025.0,75036.9,-0.46,-0.32%,绝对回撤保护
2026-04-17 16:27:10,2026-04-17 16:28:28,V23流动性高抛,空,0.039,75065.0,75082.3,-0.67,-0.46%,绝对回撤保护
2026-04-17 16:28:40,2026-04-17 16:28:42,V23流动性高抛,空,0.039,75070.0,75082.4,-0.48,-0.33%,绝对回撤保护
2026-04-17 16:28:45,2026-04-17 16:28:48,V23流动性高抛,空,0.039,75070.0,75082.3,-0.48,-0.33%,绝对回撤保护
2026-04-17 16:28:53,2026-04-17 16:29:11,V23流动性高抛,空,0.039,75070.0,75079.7,-0.38,-0.26%,绝对回撤保护
2026-04-17 16:29:16,2026-04-17 16:29:28,V23流动性高抛,空,0.039,75075.0,75077.6,-0.1,-0.07%,微利追踪止盈
2026-04-17 16:29:44,2026-04-17 16:29:46,V23流动性高抛,空,0.039,75075.0,75075.7,-0.03,-0.02%,微利追踪止盈
2026-04-17 16:29:50,2026-04-17 16:29:52,V23流动性高抛,空,0.039,75075.0,75075.7,-0.03,-0.02%,微利追踪止盈
2026-04-17 16:29:57,2026-04-17 16:30:00,V23流动性高抛,空,0.039,75075.0,75086.6,-0.45,-0.31%,绝对回撤保护
2026-04-17 16:30:31,2026-04-17 16:30:32,V23流动性高抛,空,0.039,75085.0,75086.6,-0.06,-0.04%,微利追踪止盈
2026-04-17 16:31:27,2026-04-17 16:31:27,V23流动性高抛,空,0.039,75085.0,75087.1,-0.08,-0.06%,微利追踪止盈
2026-04-17 16:33:03,2026-04-17 16:36:17,V23流动性高抛,空,0.039,75105.0,75194.3,-3.48,-2.38%,硬止损(0.08%)
2026-04-17 16:38:05,2026-04-17 16:38:12,V23流动性高抛,空,0.039,75255.0,75258.2,-0.12,-0.09%,微利追踪止盈
2026-04-17 16:42:00,2026-04-17 16:42:04,V23流动性高抛,空,0.039,75260.0,75222.0,1.48,1.01%,绝对回撤保护
2026-04-17 17:55:58,2026-04-17 17:56:02,V23流动性高抛,空,0.039,75780.0,75784.1,-0.16,-0.11%,微利追踪止盈
2026-04-17 17:56:06,2026-04-17 17:56:07,V23流动性高抛,空,0.039,75780.0,75787.8,-0.3,-0.21%,极速追踪止盈
2026-04-17 17:56:11,2026-04-17 17:57:16,V23流动性高抛,空,0.039,75780.0,75747.2,1.28,0.87%,微利追踪止盈
2026-04-17 18:09:06,2026-04-17 18:09:09,V23流动性高抛,空,0.039,75785.0,75767.4,0.69,0.46%,微利追踪止盈
2026-04-17 18:17:07,2026-04-17 18:17:13,V23流动性低吸,多,0.039,75665.0,75648.0,-0.66,-0.45%,绝对回撤保护
2026-04-17 18:20:18,2026-04-17 18:21:37,V23流动性低吸,多,0.039,75600.0,75637.9,1.48,1.00%,绝对回撤保护
2026-04-17 18:42:01,2026-04-17 18:42:23,V23流动性低吸,多,0.039,75190.0,75188.5,-0.06,-0.04%,微利追踪止盈
2026-04-17 18:44:01,2026-04-17 18:44:41,V23流动性低吸,多,0.039,75185.0,75179.6,-0.21,-0.14%,微利追踪止盈
2026-04-17 18:46:57,2026-04-17 18:47:23,V23流动性低吸,多,0.039,75180.0,75179.7,-0.01,-0.01%,微利追踪止盈
2026-04-17 18:47:35,2026-04-17 18:47:40,V23流动性低吸,多,0.039,75180.0,75180.3,0.01,0.01%,微利追踪止盈
2026-04-17 19:05:01,2026-04-17 19:05:10,V23流动性高抛,空,0.039,75280.0,75270.0,0.39,0.27%,微利追踪止盈
2026-04-17 19:05:20,2026-04-17 19:05:22,V23流动性高抛,空,0.039,75280.0,75284.3,-0.17,-0.11%,微利追踪止盈
2026-04-17 19:20:28,2026-04-17 19:22:12,V23流动性高抛,空,0.039,75390.0,75399.6,-0.37,-0.25%,绝对回撤保护
2026-04-17 19:22:24,2026-04-17 19:22:27,V23流动性高抛,空,0.039,75395.0,75399.9,-0.19,-0.13%,微利追踪止盈
2026-04-17 19:22:31,2026-04-17 19:22:37,V23流动性高抛,空,0.039,75395.0,75399.0,-0.16,-0.11%,微利追踪止盈
2026-04-17 19:22:40,2026-04-17 19:22:44,V23流动性高抛,空,0.039,75385.0,75399.7,-0.57,-0.39%,绝对回撤保护
2026-04-17 19:22:52,2026-04-17 19:22:56,V23流动性高抛,空,0.039,75385.0,75399.7,-0.57,-0.39%,绝对回撤保护
2026-04-17 19:23:00,2026-04-17 19:23:06,V23流动性高抛,空,0.039,75385.0,75399.7,-0.57,-0.39%,绝对回撤保护
2026-04-17 19:24:03,2026-04-17 19:24:06,V23流动性高抛,空,0.039,75400.0,75400.0,0.0,0.00%,微利追踪止盈
2026-04-17 19:24:16,2026-04-17 19:24:18,V23流动性高抛,空,0.039,75395.0,75396.5,-0.06,-0.04%,微利追踪止盈
2026-04-17 19:24:26,2026-04-17 19:24:33,V23流动性高抛,空,0.039,75395.0,75392.8,0.09,0.06%,微利追踪止盈
2026-04-17 19:24:48,2026-04-17 19:25:11,V23流动性高抛,空,0.039,75395.0,75387.0,0.31,0.21%,微利追踪止盈
2026-04-17 19:25:47,2026-04-17 19:25:53,V23流动性高抛,空,0.039,75405.0,75407.2,-0.09,-0.06%,微利追踪止盈
2026-04-17 19:33:12,2026-04-17 19:33:16,V23流动性高抛,空,0.039,75475.0,75490.7,-0.61,-0.42%,绝对回撤保护
2026-04-17 19:33:38,2026-04-17 19:33:42,V23流动性高抛,空,0.039,75480.0,75490.1,-0.39,-0.27%,极速追踪止盈
2026-04-17 19:35:03,2026-04-17 19:35:48,V23流动性高抛,空,0.039,75490.0,75469.9,0.78,0.53%,微利追踪止盈
2026-04-17 19:46:18,2026-04-17 19:48:38,V23流动性低吸,多,0.039,75370.0,75378.0,0.31,0.21%,微利追踪止盈
2026-04-17 19:52:39,2026-04-17 19:52:53,V23流动性高抛,空,0.039,75450.0,75512.7,-2.45,-1.66%,硬止损(0.08%)
